@article{hieftje2016development,
  title={Development of an HIV Prevention Videogame Intervention: Lessons Learned},
  author={Hieftje, Kimberly and Pendergrass, Lindsay R Duncan3 Tyra and Sawyer, Benjamin and Fiellin, Lynn E},
  journal={International Journal of Serious Games},
  volume={3},
  number={2},
  pages={83--90},
  year={2016},
  publisher={SERIOUS GAMES SOC IST INT COMUNICAZIONI, VILLA PIAGGIO, GENOA, 16125, ITALY}
}

@article{soekarjo2015measuring,
  title={Measuring effectiveness of persuasive games using an informative control condition},
  author={Soekarjo, Mara and van Oostendorp, Herre},
  journal={International Journal of Serious Games},
  volume={2},
  number={2},
  pages={37--56},
  year={2015}
}

@article{pope2015wuzzit,
  title={Wuzzit Trouble: The Influence of a Digital Math Game on Student Number Sense},
  author={Pope, H and Mangram, C},
  journal={Internationa Journal of Serious Games},
  volume={2},
  number={4},
  year={2015}
}

@article{damani2015use,
  title={Use of serious games for creating awareness about social enterprises},
  author={Damani, Bharat and Sardeshpande, Vishal and Gaitonde, Uday},
  journal={Journal of Computers in Education},
  volume={2},
  number={4},
  pages={493--511},
  year={2015},
  publisher={Springer}
}

@inproceedings{baek2015simulation,
  title={Simulation-Based Serious Games for Science Education in Elementary and Middle Schools},
  author={Baek, Seungho and Park, Ji-Young and Han, JungHyun},
  booktitle={International Conference on Games and Learning Alliance},
  pages={181--188},
  year={2015},
  organization={Springer}
}

@incollection{djaouti2011origins,
  title={Origins of serious games},
  author={Djaouti, Damien and Alvarez, Julian and Jessel, Jean-Pierre and Rampnoux, Olivier},
  booktitle={Serious games and edutainment applications},
  pages={25--43},
  year={2011},
  publisher={Springer}
}

@inproceedings{burak2005peacemaker,
  title={PeaceMaker: A video game to teach peace},
  author={Burak, Asi and Keylor, Eric and Sweeney, Tim},
  booktitle={International Conference on Intelligent Technologies for Interactive Entertainment},
  pages={307--310},
  year={2005},
  organization={Springer}
}

@inproceedings{newbould2009playing,
  title={Playing Safe: A prototype game for raising awareness of social engineering},
  author={Newbould, Michael and Furnell, Stephen},
  booktitle={Australian Information Security Management Conference},
  pages={4},
  year={2009}
}

@article{hildmann2008raising,
  title={Raising awareness for environmental issues through mobile device based serious games},
  author={Hildmann, Hanno and Hirsch, Benjamin},
  journal={4th Microsoft Academic Days, Berlin, Germany},
  year={2008},
  publisher={Citeseer}
}

@article{degloria2014serious,
  title={Serious Games for education and training},
  author={De Gloria, Alessandro and Bellotti, Francesco and Berta, Riccardo and Lavagnino, Elisa},
  journal={International Journal of Serious Games},
  volume={1},
  number={1},
  pages={1--15},
  year={2014}
}

@article{imbellone2015serious,
  title={Serious Games for Mobile Devices: the InTouch Project Case Study},
  author={Imbellone, Alfredo and Botte, Brunella and Medaglia, Carlo Maria},
  journal={International Journal of Serious Games},
  volume={2},
  number={1},
  pages={17--27},
  year={2015}
}

@article{granic2014benefits,
  title={The benefits of playing video games.},
  author={Granic, Isabela and Lobel, Adam and Engels, Rutger CME},
  journal={American Psychologist},
  volume={69},
  number={1},
  pages={66},
  year={2014},
  publisher={American Psychological Association}
}



@electronic{camus2015smartphone,
  title={Smartphone use in PH seen rising to 70% by ‘18},
  author={Camus, Miguel},
  url={http://business.inquirer.net/204077/smartphone-use-in-ph-seen-rising-to-70-by-18},
  organization={Inquirer.net},
  month=dec,
  year={2015}
}

@electronic{medenilla2016fastest,
  title={Philippines: ‘fastest-growing’ smartphone nation in Southeast Asia},
  author={Medenilla, Klarize},
  url={http://asianjournal.com/news/philippines-fastest-growing-smartphone-nation-in-southeast-asia/},
  organization={Asian Journal},
  month=jun,
  year={2016}
}

@electronic{gamboa2016relevantage,
  title={Being relevant in the mobile Filipino age},
  author={Gamboa, Rey},
  url={http://www.philstar.com/business/2016/01/21/1544606/being-relevant-mobile-filipino-age},
  organization={Philippine Star},
  month=jan,
  year={2016}
}

@electronic{vserv2016unveils,
  title={Vserv unveils the first Smartphone User Persona Report (SUPR) in Philippines},
  url={https://www.vserv.com/vserv-unveils-first-smartphone-user-persona-report-supr-philippines/},
  organization={Vserv},
  month=jan,
  year={2016}
}

@article{all2014measuring,
  title={Measuring effectiveness in digital game-based learning: A methodological review},
  author={All, Anissa and Nunez Castellar, Elena Patricia and Van Looy, Jan},
  journal={International Journal of Serious Games},
  volume={2},
  number={1},
  pages={3--20},
  year={2014}
}

@misc{derryberry2007serious,
  title={Serious games: online games for learning},
  author={Derryberry, Anne},
  year={2007}
}

@misc{entertainment2014essential,
  title={Essential facts about the computer and video game industry},
  author={Entertainment Software Association and others},
  year={2014}
}

@article{adolph2011trends,
  title={Trends in video games and gaming. ITU-T Technology Watch Report},
  author={Adolph, M},
  journal={International Telecommunication Union. September},
  year={2011}
}

@electronic{google2016developers,
  title={Developers Dashboard},
  author={Google},
  url={ https://developer.android.com/about/dashboards/index.html},
  organization={Google},
  month=nov,
  year={2016}
}
